
@online{noauthor_user_nodate,
	title = {User Datagram Protocol},
	url = {https://www.geeksforgeeks.org/user-datagram-protocol-udp/},
}

@online{sydhavn_teater_var_nodate,
	title = {Vår dag},
	url = {https://sydhavnteater.dk/event/vår-dag},
	author = {{Sydhavn Teater}},
}

@online{noauthor_pure_nodate,
	title = {Pure Data},
	url = {https://puredata.info},
}

@online{noauthor_openai_nodate,
	title = {{OpenAI} Whisper},
	url = {https://openai.com/index/whisper/},
}

@book{thomas_bjorner_qualitative_2015,
	title = {Qualitative Methods for Consumer Research},
	author = {{Thomas Bjørner}},
	date = {2015},
}

@article{jan_d_smeddinck_how_2016,
	title = {How to Present Game Difficulty Choices? Exploring the Impact on Player Experience},
	author = {{Jan D. Smeddinck} and {Regan L Mandryk} and {Max V. birk} and {Kathrin M. Gerling} and {Dietrich Barsilowski} and {Rainer Malaka}},
	date = {2016},
}

@article{constant_objective_2017,
	title = {From objective to subjective difficulty evaluation in video games},
	author = {Constant, Thomas and {Guillaume Levieux} and {Acel Buendia} and {Stephane Natkin}},
	date = {2017},
}

@article{justin_t_alexander_investigation_2025,
	title = {An investigation of the effects of game difficulty on player enjoyment},
	url = {https://www.sciencedirect.com/science/article/pii/S1875952112000134},
	author = {{Justin T. Alexander} and {John Sear} and {Andreas Oikonomou}},
	date = {2025-03-31},
}
